@article{euler1741solutio,
  title={Solutio problematis ad geometriam situs pertinentis},
  author={Euler, Leonhard},
  journal={Commentarii academiae scientiarum Petropolitanae},
  volume={8},
  pages={128--140},
  year={1741}
}

@article{euler1759force,
  title={Sur la force des colonnes},
  author={Euler, Leonhard},
  journal={Mem. Acad., Berlin},
  volume={13},
  pages={1759},
  year={1759}
}

@article{euler1775meditationes,
  title={Meditationes circa singulare serierum genus},
  author={Euler, Leonhard},
  journal={Novi Comm. Acad. Sci. Petropol},
  volume={20},
  number={1775},
  pages={140--186},
  year={1775}
}
