@inproceedings{46351,
    title = {Dynamic Routing between Capsules},
    author  = {Sara Sabour and Nicholas Frosst and Geoffrey Hinton},
    year  = {2017}
}

@article{2017arXiv171203480X,
    author = {{Xi}, E. and {Bing}, S. and {Jin}, Y.},
    title = "{Capsule Network Performance on Complex Data}",
    journal = {ArXiv e-prints}, archivePrefix = "arXiv",
    eprint = {1712.03480},
    primaryClass = "stat.ML",
    keywords = {Statistics - Machine Learning, Computer Science - Learning},
    year = 2017,
    month = dec,
    adsurl = {http://adsabs.harvard.edu/abs/2017arXiv171203480X},
    adsnote = {Provided by the SAO/NASA Astrophysics Data System}
}

@book{strogatz2012joy,
    title={The Joy of X: A Guided Tour of Math, from One to Infinity},
    author={Strogatz, S.H.},
    isbn={9780547517650},
    lccn={2012017320},
    series={An Eamon Dolan book},
    url={https://books.google.com/books?id=pc2mxUZS9aYC},
    year={2012},
    publisher={Houghton Mifflin Harcourt}
}