@misc{Manual,
  title = {Beamer manual},
  howpublished = {\href{https://www.ctan.org/pkg/beamer}{\texttt{www.ctan.com/pkg/beamer}}},
  note = {Accessed February 2017},
}

@misc{Metropolis,
  title = {Metropolis theme manual},
  howpublished = {\href{https://www.ctan.org/pkg/beamertheme-metropolis}{\texttt{www.ctan.org/pkg/beamertheme-metropolis}}},
  note = {Accessed February 2017},
}

@misc{Themes,
  title = {Theme style and color examples},
  howpublished = {\href{https://mpetroff.net/files/beamer-theme-matrix}{\texttt{mpetroff.net/files/beamer-theme-matrix}}},
  note = {Accessed February 2017},
}

@misc{Tikzposter,
  title = {Tikzposter manual},
  howpublished = {\href{https://www.ctan.org/pkg/tikzposter}{\texttt{www.ctan.org/pkg/tikzposter}}},
  note = {Accessed February 2017},
}

@misc{CPlogos, 
  title = {Cal Poly graphic standards}, 
  howpublished = {\href{https://universitymarketing.calpoly.edu/resources/graphic-standards/}{\texttt{universitymarketing.calpoly.edu/resources/graphic-standards/}}},
  note = {Accessed Febrary 2017},
}